@article{li2005greedy,
  title={On greedy construction of connected dominating sets in wireless networks},
  author={Li, Yingshu and Thai, My T and Wang, Feng and Yi, Chih-Wei and Wan, Peng-Jun and Du, Ding-Zhu},
  journal={Wireless Communications and Mobile Computing},
  volume={5},
  number={8},
  pages={927--932},
  year={2005},
  publisher={Wiley Online Library}
}

@inproceedings{cardei2002connected,
  title={Connected Domination in Multihop Ad Hoc Wireless Networks.},
  author={Cardei, Mihaela and Cheng, Maggie Xiaoyan and Cheng, Xiuzhen and Du, Ding-Zhu},
  booktitle={JCIS},
  pages={251--255},
  year={2002}
}

@article{gao2005new,
  title={A new distributed approximation algorithm for constructing minimum connected dominating set in wireless ad hoc networks},
  author={Gao, Bo and Yang, Yuhang and Ma, Huiye},
  journal={International Journal of Communication Systems},
  volume={18},
  number={8},
  pages={743--762},
  year={2005},
  publisher={Wiley Online Library}
}

@misc{wiki:MISwiki,
   author = {Wikipedia},
   title = {Maximal Independent Set --- Wikipedia{,} The Free Encyclopedia},
   howpublished = {\url{https://en.wikipedia.org/wiki/Maximal_independent_set}},
   note = {[consulté le 15-Oct-2017]}
 }
 
@misc{wiki:diskgraph,
   author = {Wikipedia},
   title = {Graphe de disques --- Wikipedia{,} The Free Encyclopedia},
   howpublished = {\url{https://fr.wikipedia.org/wiki/Graphe_de_disques}},
   note = {[consulté le 15-Oct-2017]}
 }